@misc{NCOA2024,
  author = {{National Council on Aging}},
  title = {Get the Facts on Falls Prevention},
  year = {2024},
  url = {https://www.ncoa.org/article/get-the-facts-on-falls-prevention},
  note = {Accessed: 2025-02-12}
}

@misc{NSC2024,
  author = {{National Safety Council}},
  title = {Older Adult Falls Statistics},
  year = {2024},
  url = {https://injuryfacts.nsc.org/home-and-community/safety-topics/older-adult-falls/},
  note = {Accessed: 2025-02-12}
}

@misc{CDC2024a,
  author = {{Centers for Disease Control and Prevention}},
  title = {Falls Data and Statistics},
  year = {2024},
  url = {https://www.cdc.gov/falls/data-research/facts-stats/index.html},
  note = {Accessed: 2025-02-12}
}

@misc{CDC2024b,
  author = {{Centers for Disease Control and Prevention}},
  title = {Facts About Falls},
  year = {2024},
  url = {https://www.cdc.gov/falls/about/index.html},
  note = {Accessed: 2025-02-12}
}

@article{Abizanda2012,
  author = {Abizanda, P. and Navarro, J. L. and García-Tomás, M. I. and López-Jiménez, E. and Martínez-Sánchez, E. and Paterna, G.},
  title = {Validity and Usefulness of Hand-Held Dynamometry for Measuring Muscle Strength in Community-Dwelling Older Persons},
  journal = {Archives of Gerontology and Geriatrics},
  volume = {54},
  number = {1},
  pages = {21-27},
  year = {2012},
  month = {Jan-Feb},
  doi = {10.1016/j.archger.2011.02.006},
  pmid = {21371760}
}

@article{Bhatt2011,
  author = {Bhatt, T. and Espy, D. and Yang, F. and Pai, Y. C.},
  title = {Dynamic Gait Stability, Clinical Correlates, and Prognosis of Falls Among Community-Dwelling Older Adults},
  journal = {Archives of Physical Medicine and Rehabilitation},
  volume = {92},
  number = {5},
  pages = {799-805},
  year = {2011},
  month = {May},
  doi = {10.1016/j.apmr.2010.12.032},
  pmid = {21530728}
}

@article{Bonsu2021,
  author = {Bonsu, A. N. and Nousi, S. and Lobo, R. and Strutton, P. H. and Arshad, Q. and Bronstein, A. M.},
  title = {Vestibulo-Perceptual Influences Upon the Vestibulo-Spinal Reflex},
  journal = {Experimental Brain Research},
  volume = {239},
  number = {7},
  pages = {2141-2149},
  year = {2021},
  month = {Jul},
  doi = {10.1007/s00221-021-06123-7},
  pmid = {33969437},
  pmcid = {PMC8282553}
}

@article{Brooks2015,
  author = {Brooks, J. X. and others},
  title = {Learning to Expect the Unexpected: Rapid Updating in Primate Cerebellum During Voluntary Self-Motion},
  journal = {Nature Neuroscience},
  volume = {18},
  pages = {1310-1317},
  year = {2015},
  doi = {10.1038/nn.4077}
}

@article{Chino2014,
  author = {Chino, K. and Akagi, R. and Dohi, M. and Takahashi, H.},
  title = {Measurement of Muscle Architecture Concurrently with Muscle Hardness Using Ultrasound Strain Elastography},
  journal = {Acta Radiologica},
  volume = {55},
  number = {7},
  pages = {833-839},
  year = {2014},
  month = {Sep},
  doi = {10.1177/0284185113507565},
  pmid = {24107931}
}

@article{Fitzpatrick1994,
  author = {Fitzpatrick, R. and McCloskey, D. I.},
  title = {Proprioceptive, Visual and Vestibular Thresholds for the Perception of Sway During Standing in Humans},
  journal = {Journal of Physiology},
  volume = {478},
  number = {Pt 1},
  pages = {173-186},
  year = {1994},
  month = {Jul},
  doi = {10.1113/jphysiol.1994.sp020240},
  pmid = {7965833},
  pmcid = {PMC1155655}
}

@book{Kandel2021,
  author = {Kandel, E. R. and Koester, J. D. and Mack, S. H. and Siegelbaum, S. A.},
  title = {Principles of Neural Science},
  edition = {6th},
  publisher = {McGraw-Hill Education},
  address = {New York},
  year = {2021}
}

@article{Kamen1996,
  author = {Kamen, G. and Caldwell, G. E.},
  title = {Physiology and Interpretation of the Electromyogram},
  journal = {Journal of Clinical Neurophysiology},
  volume = {13},
  number = {5},
  pages = {366-384},
  year = {1996},
  month = {Sep},
  doi = {10.1097/00004691-199609000-00002},
  pmid = {8897204}
}

@article{Lanza2022,
  title={Systematic review of the importance of hip muscle strength, activation, and structure in balance and mobility tasks},
  author={Lanza, Marcel B and Arbuco, Breanna and Ryan, Alice S and Shipper, Andrea G and Gray, Vicki L and Addison, Odessa},
  journal={Archives of physical medicine and rehabilitation},
  volume={103},
  number={8},
  pages={1651--1662},
  year={2022},
  publisher={Elsevier}
}

@article{Lord2001,
  title={Choice stepping reaction time: a composite measure of falls risk in older people},
  author={Lord, Stephen R and Fitzpatrick, Richard C},
  journal={The Journals of Gerontology Series A: Biological Sciences and Medical Sciences},
  volume={56},
  number={10},
  pages={M627--M632},
  year={2001},
  publisher={Oxford University Press}
}

@book{Marieb2020,
  author    = {Elaine N. Marieb and Patricia Brady Wilhelm},
  title     = {Human Anatomy},
  edition   = {9th},
  year      = {2020},
  publisher = {Pearson}
}

@article{Mathurapongsakul2018,
  author = {Mathurapongsakul, P. and Siriphorn, A.},
  title = {Four Square Step Test with Foam is More Accurate than Those Without Foam for Discriminating Between Older Adults with and Without Fall History},
  journal = {Journal of Aging and Physical Activity},
  volume = {26},
  number = {4},
  pages = {624-628},
  year = {2018},
  month = {Oct},
  doi = {10.1123/japa.2017-0363},
  pmid = {29431557}
}

@article{Naruse2022,
  author = {Naruse, M. and Trappe, S. and Trappe, T. A.},
  title = {Human Skeletal Muscle Size with Ultrasound Imaging: A Comprehensive Review},
  journal = {Journal of Applied Physiology},
  volume = {132},
  number = {5},
  pages = {1267-1279},
  year = {2022},
  month = {May}
}

@article{Ni2017,
  author = {Ni, M. and Brown, L. G. and Lawler, D. and Bean, J. F.},
  title = {Reliability, Validity, and Minimal Detectable Change of Four-Step Stair Climb Power Test in Community-Dwelling Older Adults},
  journal = {Physical Therapy},
  volume = {97},
  number = {7},
  pages = {767-773},
  year = {2017},
  month = {Jul},
  doi = {10.1093/ptj/pzx039},
  pmid = {28444350},
  pmcid = {PMC6257032}
}

@article{Robinson2022,
  author = {Robinson, D. A.},
  title = {Basic Framework of the Vestibulo-Ocular Reflex},
  journal = {Progress in Brain Research},
  volume = {267},
  number = {1},
  pages = {131-153},
  year = {2022},
  doi = {10.1016/bs.pbr.2021.10.006},
  pmid = {35074050}
}

@article{Oranchuk2024,
  title={Exploring the associations between skeletal muscle echogenicity and physical function in aging adults: A systematic review with meta-analyses},
  author={Oranchuk, Dustin J and Bodkin, Stephan G and Boncella, Katie L and Harris-Love, Michael O},
  journal={Journal of Sport and Health Science},
  year={2024},
  publisher={Elsevier}
}

@book{Purves2001,
  editor = {Purves, D. and Augustine, G. J. and Fitzpatrick, D. and others},
  title = {Neuroscience},
  edition = {2nd},
  publisher = {Sinauer Associates},
  address = {Sunderland, MA},
  year = {2001},
  url = {https://www.ncbi.nlm.nih.gov/books/NBK11130/}
}

@article{Young2015,
  title={Measurement of intramuscular fat by muscle echo intensity},
  author={Young, Hui-Ju and Jenkins, Nathan T and Zhao, Qun and Mccully, Kevin K},
  journal={Muscle \& nerve},
  volume={52},
  number={6},
  pages={963--971},
  year={2015},
  publisher={Wiley Online Library}
}